@misc{dennis_meneer_2018:1,
    title={Dit is de schadelijkste wet van Nederland},
    url={https://www.ftm.nl/artikelen/faillissementswet-schadelijkste-wet-van-nederland},
    publisher={Follow The Money},
    author={Dennis Meneer},
    year={2018},
    month={Feb},
    day={17},
    note={Accessed on 2018-06-14}
}
