
@mastersthesis{boluk_2011,
	author={Burak Bölük},
	title={Is de benoeming van de curator door de rechtbank en het toezicht op de curator door de rechter-commissaris aan een verbetering toe?},
	year={2011},
    month={Jan},
    publisher={Universiteit van Amsterdam}
}

@misc{dennis_meneer_2018:1,
    title={Dit is de schadelijkste wet van Nederland},
    url={https://www.ftm.nl/artikelen/faillissementswet-schadelijkste-wet-van-nederland},
    publisher={Follow The Money},
    author={Dennis Meneer},
    year={2018},
    month={Feb},
    day={17},
    note={Accessed on 2018-06-14}
}

@misc{dennis_meneer_2017:1, 
	title={Curatoren vluchten uit lege boedels}, 
	url={https://www.ftm.nl/artikelen/curatoren-slaan-op-de-vlucht-voor-lege-boedels}, 
    publisher={Follow The Money},
	author={Dennis Meneer}, 
	year={2017}, 
	month={Jan},
	day={5},
    note={Accessed on 2018-06-14}
}

@misc{jan-hein_strop_2015:1, 
	title={De schimmige benoeming van curatoren}, 
	url={https://www.ftm.nl/artikelen/de-schimmige-benoeming-van-curatoren}, 
    publisher={Follow The Money},
	author={Jan-Hein Strop}, 
	year={2015}, 
	month={Aug},
	day={21},
    note={Accessed on 2018-06-14}
}

@misc{rechtspraak:1,
    title={Centraal Insolventieregister},
    url={https://insolventies.rechtspraak.nl},
    publisher={De Rechtspraak},
}

@misc{rechtspraak:2,
    title={Beroepsgegevens en nevenfuncties van rechters},
    url={https://namenlijst.rechtspraak.nl},
    publisher={De Rechtspraak},
}

@misc{rechtspraak:3,
    title={Recofa-richtlijnen},
    url={https://www.rechtspraak.nl/Voor-advocaten-en-juristen/Reglementen-procedures-en-formulieren/Civiel/Insolventierecht/Paginas/Recofa-richtlijnen.aspx
},
    publisher={De Rechtspraak},
}

@misc{nova:1,
    title={Nederlandse Orde van Advocated},
    url={https://www.advocatenorde.nl/over-de-nova},
    publisher={Nederlandse Orde van Advocated},
}


@article{o_leary_2015,
	author = {Daniel E. O’Leary},
	title = {Armchair Auditors: Crowdsourcing Analysis of Government Expenditures},
	journal = {JOURNAL OF EMERGING TECHNOLOGIES IN ACCOUNTING},
	volume = {12},
	month = {jul},
	year = {2015},
	pages = {71--91},
	doi = {10.2308/jeta-51225},
	publisher = {University of Southern California}
}


@techreport{samr_2017:1,
	title = {Klantwaardering Rechtspraak 2017}, 
	year = {2017},
	source = {https://www.rechtspraak.nl/SiteCollectionDocuments/landelijke-rapportage-KWO-2017.pdf},
	publisher = {SAMR Smartagent Marketresponse}
}


@misc{law:1,
    title={Insolvency Law - Faillissementswet},
    url={http://wetten.overheid.nl/BWBR0001860/2018-07-01},
    publisher={Ministerie van Justitie}
}

@misc{law:2,
    title={Lawyer Law - Advocatenwet},
    url={http://wetten.overheid.nl/BWBR0002093/2018-07-25},
    publisher={Ministerie van Justitie}
}	
	
	